<?xml version="1.0" encoding="UTF-8"?><record xmlns="http://www.loc.gov/MARC21/slim" xmlns:cinclude="http://apache.org/cocoon/include/1.0" xmlns:zs="http://www.loc.gov/zing/srw/">
  <leader>00560nz  a2200205n  4500</leader>
  <controlfield tag="001">no2004104166</controlfield>
  <controlfield tag="003">DLC</controlfield>
  <controlfield tag="005">20041028052035.0</controlfield>
  <controlfield tag="008">041027n| acaabaaan          |n ana      </controlfield>
  <datafield tag="010" ind1=" " ind2=" ">
    <subfield code="a">no2004104166</subfield>
  </datafield>
  <datafield tag="035" ind1=" " ind2=" ">
    <subfield code="a">(OCoLC)oca06478112</subfield>
  </datafield>
  <datafield tag="040" ind1=" " ind2=" ">
    <subfield code="a">SaPrNL</subfield>
    <subfield code="b">eng</subfield>
    <subfield code="c">SaPrNL</subfield>
  </datafield>
  <datafield tag="042" ind1=" " ind2=" ">
    <subfield code="a">sanb</subfield>
  </datafield>
  <datafield tag="130" ind1=" " ind2="0">
    <subfield code="a">My first find out about book</subfield>
  </datafield>
  <datafield tag="643" ind1=" " ind2=" ">
    <subfield code="a">Bloemfontein</subfield>
    <subfield code="b">Barnabas</subfield>
  </datafield>
  <datafield tag="644" ind1=" " ind2=" ">
    <subfield code="a">f</subfield>
    <subfield code="5">SaPrNL</subfield>
  </datafield>
  <datafield tag="645" ind1=" " ind2=" ">
    <subfield code="a">t</subfield>
    <subfield code="5">DPCC</subfield>
    <subfield code="5">SaPrNL</subfield>
  </datafield>
  <datafield tag="646" ind1=" " ind2=" ">
    <subfield code="a">s</subfield>
    <subfield code="5">SaPrNL</subfield>
  </datafield>
  <datafield tag="670" ind1=" " ind2=" ">
    <subfield code="a">Baby Jesus, 2002:</subfield>
    <subfield code="b">t.p. (My first find out about book)</subfield>
  </datafield>
  <datafield tag="730" ind1=" " ind2="7">
    <subfield code="a">My first find out about book</subfield>
    <subfield code="2">sanb</subfield>
  </datafield>
</record>